% Benötigte Felder pro Eintragstyp
% https://www.openoffice.org/bibliographic/bibtex-defs.html
@article{eu_dsgvo_2016,
	title = {{VERORDNUNG}  ({EU})  2016/679 {DES}  {EUROPÄISCHEN}  {PARLAMENTS}  {UND}  {DES}  {RATES}  -  vom  27.  April  2016  -  zum  Schutz  natürlicher  Personen  bei  der  Verarbeitung  personenbezogener  Daten,  zum  freien  Datenverkehr  und  zur  Aufhebung  der  Richtlinie  95/46/{EG}  (Datenschutz-Grundverordnung)},
	langid = {german},
  	author = {Europäisches Parlament, Rat der europäischen Union},
  	year = {2016}
}

@misc{compart_document_2020,
	title = {Document Desktop Benutzerhandbuch},
	author = {{Compart}},
	date = {2020},
}

@misc{compart_document_admin_2020,
	title = {Document Desktop Administrationshandbuch},
	author = {{Compart}},
	date = {2020},
}
